
@inbook{Lutz2004,
  author = {Wingert, Lutz},
  title = {Gründe zählen. Über einige Schwierigkeiten des Bionaturalismus},
  booktitle = {Hirnforschung und Willensfreiheit: zur Deutung der neuesten Experimente},
  editor = {Geyer, Christian},
  publisher = {Suhrkamp},
  address = {Frankfurt am Main},
  volume = {2387},
  edition = {Orig.-Ausg., 1. Aufl., [Nachdr.]},
  pages = {194-204},
  ISBN = {9783518123874;3518123874;},
  url = {https://go.exlibris.link/VC9TmT8j},
  year = {2004},
  type = {Book Section}
}

@inbook{Singer2004,
  author = {Singer, Wolf},
  title = {Verschaltungen legen uns fest: Wir sollten aufhören, von Freiheit zu sprechen},
  booktitle = {Hirnforschung und Willensfreiheit: zur Deutung der neuesten Experimente},
  editor = {Geyer, Christian},
  publisher = {Suhrkamp},
  address = {Frankfurt am Main},
  volume = {2387},
  edition = {Orig.-Ausg., 1. Aufl., [Nachdr.]},
  pages = {30-65},
  ISBN = {9783518123874;3518123874;},
  url = {https://go.exlibris.link/VC9TmT8j},
  year = {2004},
  type = {Book Section}
}

@inbook{Libet2004,
  author = {Libet, Benjamin},
  title = {Haben wir einen freien Willen?},
  booktitle = {Hirnforschung und Willensfreiheit: zur Deutung der neuesten Experimente},
  editor = {Geyer, Christian},
  publisher = {Suhrkamp},
  address = {Frankfurt am Main, Deutschland},
  volume = {2387},
  edition = {Orig.-Ausg., 1. Aufl., [Nachdr.]},
  pages = {268-271},
  ISBN = {9783518123874;3518123874;},
  url = {https://go.exlibris.link/VC9TmT8j},
  year = {2004},
  type = {Book Section}
}

@inbook{Kempermann2004,
  author = {Kempermann, Gerd},
  title = {Infektion des Geistes. Über philosophische Kategorienfehler},
  booktitle = {Hirnforschung und Willensfreiheit: zur Deutung der neuesten Experimente},
  editor = {Geyer, Christian},
  publisher = {Suhrkamp},
  address = {Frankfurt am Main, Deutschland},
  volume = {2387},
  edition = {Orig.-Ausg., 1. Aufl., [Nachdr.]},
  pages = {235-239},
  ISBN = {9783518123874;3518123874;},
  url = {https://go.exlibris.link/VC9TmT8j},
  year = {2004},
  type = {Book Section}
}

@inbook{Kaiser2004,
  author = {Kaiser, Gerhard},
  title = {Warum noch debattieren? Determinismus als Diskurskiller},
  booktitle = {Hirnforschung und Willensfreiheit: zur Deutung der neuesten Experimente},
  editor = {Geyer, Christian},
  publisher = {Suhrkamp},
  address = {Frankfurt am Main, Deutschland},
  volume = {2387},
  edition = {Orig.-Ausg., 1. Aufl., [Nachdr.]},
  pages = {261-267},
  ISBN = {9783518123874;3518123874;},
  url = {https://go.exlibris.link/VC9TmT8j},
  year = {2004},
  type = {Book Section}
}

@inbook{Höffe2004,
  author = {Höffe, Otfried},
  title = {Der entlarvte Ruck. Was sagt Kant den Gehirnforschern},
  booktitle = {Hirnforschung und Willensfreiheit: zur Deutung der neuesten Experimente},
  editor = {Geyer, Christian},
  publisher = {Suhrkamp},
  address = {Frankfurt am Main, Deutschland},
  volume = {2387},
  edition = {Orig.-Ausg., 1. Aufl., [Nachdr.]},
  pages = {177-182},
  ISBN = {9783518123874;3518123874;},
  url = {https://go.exlibris.link/VC9TmT8j},
  year = {2004},
  type = {Book Section}
}

@inbook{Brandt2004,
  author = {Brandt, Reinhard},
  title = {Ick bün all da. Ein neuronales Erregungsmuster},
  booktitle = {Hirnforschung und Willensfreiheit: zur Deutung der neuesten Experimente},
  editor = {Geyer, Christian},
  publisher = {Suhrkamp},
  address = {Frankfurt am Main, Deutschland},
  volume = {2387},
  edition = {Orig.-Ausg., 1. Aufl., [Nachdr.]},
  pages = {171-176},
  ISBN = {9783518123874;3518123874;},
  url = {https://go.exlibris.link/VC9TmT8j},
  year = {2004},
  type = {Book Section}
}

@misc{Hossenfelder2020,
    title={You don't have free will, but don't worry.},
    url={https://www.youtube.com/watch?v=zpU_e3jh_FY},
    journal={YouTube},
    author={Sabine Hossenfelder},
    year={2020},
    date={2020-10-10},
    urldate={2023-01-11},
    type={YouTube Video}
}

@misc{Jankovic2021,
    title={Is Free Will an Illusion? | Nick Jankovic | TEDxYouth@ISBangkok},
    url={https://www.youtube.com/watch?v=J21bSGGvnD4},
    journal={YouTube},
    author={TEDx Talks},
    year={2021},
    date={2021-04-21},
    urldate={2023-01-12},
    type={YouTube Video}
}

@misc{Caspers2021,
    title={Freier Wille: Was sagt die Wissenschaft? | Ralphs Universum | Quarks},
    url={https://www.youtube.com/watch?v=45Iut50Cm_Q},
    journal={YouTube},
    author={Quarks Dimension Ralph},
    year={2021},
    date={2021-10-02},
    urldate={2023-01-12},
    type={YouTube Video}
}

@book{Kant1785,
    author = {Kant, Immanuel},
    year = {1785},
    title = {Grundlegung zur Metaphysik der Sitten},
    publisher = {Johann Friedrich Hartknoch},
    address = {Riga, Lettland}
}

@misc{Jalalian2022,
    title={Willensfreiheit und Determinismus bei Kant erklärt! (Ethik-/Philosophie-Abitur)},
    url={https://www.youtube.com/watch?v=Z8zJVcFVvX4},
    journal={YouTube},
    author={Samuel Jalalian},
    year={2022},
    date={2021-04-04},
    urldate={2023-01-12},
    type={YouTube Video}
}

@article{Brass2019,
    title = {Why neuroscience does not disprove free will},
    journal = {Neuroscience and Biobehavioral Reviews},
    volume = {102},
    pages = {251-263},
    year = {2019},
    issn = {0149-7634},
    doi = {https://doi.org/10.1016/j.neubiorev.2019.04.024},
    url = {https://www.sciencedirect.com/science/article/pii/S0149763419300739},
    author = {Brass, Marcel and Furstenberg, Ariel and Mele, Alfred R.},
    keywords = {Attention, Awareness, Bias-signal, Choice, COINTOB model, Conditional intention, Decision, Drift-diffusion model, Free will, Integration-to-bound process, Intentional action, Implementation intention, Libet, Picking, Psychopathology, Readiness potential, Stochastic noise, Vetoing, Volition, W time},
    abstract = {While the question whether free will exists or not has concerned philosophers for centuries, empirical research on this question is relatively young. About 35 years ago Benjamin Libet designed an experiment that challenged the common intuition of free will, namely that conscious intentions are causally efficacious. Libet demonstrated that conscious intentions are preceded by a specific pattern of brain activation, suggesting that unconscious processes determine our decisions and we are only retrospectively informed about these decisions. Libet-style experiments have ever since dominated the discourse about the existence of free will and have found their way into the public media. Here we review the most important challenges to the common interpretation of Libet-style tasks and argue that the common interpretation is questionable. Brain activity preceding conscious decisions reflects the decision process rather than its outcome. Furthermore, the decision process is configured by conditional intentions that participants form at the beginning of the experiment. We conclude that Libet-style tasks do not provide a serious challenge to our intuition of free will.}
}
